@inproceedings{lowe1999object,
  title={Object recognition from local scale-invariant features},
  author={Lowe, David G},
  booktitle={Computer vision, 1999. The proceedings of the seventh IEEE international conference on},
  volume={2},
  pages={1150--1157},
  year={1999},
  organization={IEEE}
}

@misc{vedaldi08vlfeat,
 Author = {A. Vedaldi and B. Fulkerson},
 Title = {{VLFeat}: An Open and Portable Library
          of Computer Vision Algorithms},
 Year  = {2008},
 Howpublished = {\url{http://www.vlfeat.org/}
 }

@inproceedings{sculley2010web,
  title={Web-scale k-means clustering},
  author={Sculley, D},
  booktitle={Proceedings of the 19th international conference on World wide web},
  pages={1177--1178},
  year={2010},
  organization={ACM}
}

@article{scikit-learn,
 title={Scikit-learn: Machine Learning in {P}ython},
 author={Pedregosa, F. and Varoquaux, G. and Gramfort, A. and Michel, V.
         and Thirion, B. and Grisel, O. and Blondel, M. and Prettenhofer, P.
         and Weiss, R. and Dubourg, V. and Vanderplas, J. and Passos, A. and
         Cournapeau, D. and Brucher, M. and Perrot, M. and Duchesnay, E.},
 journal={Journal of Machine Learning Research},
 volume={12},
 pages={2825--2830},
 year={2011}
}

@inproceedings{grauman2005pyramid,
  title={The pyramid match kernel: Discriminative classification with sets of image features},
  author={Grauman, Kristen and Darrell, Trevor},
  booktitle={Computer Vision, 2005. ICCV 2005. Tenth IEEE International Conference on},
  volume={2},
  pages={1458--1465},
  year={2005},
  organization={IEEE}
}

@inproceedings{lazebnik2006beyond,
  title={Beyond bags of features: Spatial pyramid matching for recognizing natural scene categories},
  author={Lazebnik, Svetlana and Schmid, Cordelia and Ponce, Jean},
  booktitle={Computer Vision and Pattern Recognition, 2006 IEEE Computer Society Conference on},
  volume={2},
  pages={2169--2178},
  year={2006},
  organization={IEEE}
}

@article{CC01a,
 author = {Chang, Chih-Chung and Lin, Chih-Jen},
 title = {{LIBSVM}: A library for support vector machines},
 journal = {ACM Transactions on Intelligent Systems and Technology},
 volume = {2},
 issue = {3},
 year = {2011},
 pages = {27:1--27:27},
 note =	 {Software available at \url{http://www.csie.ntu.edu.tw/~cjlin/libsvm}}
}

@article{rubner2000earth,
  title={The earth mover's distance as a metric for image retrieval},
  author={Rubner, Yossi and Tomasi, Carlo and Guibas, Leonidas J},
  journal={International Journal of Computer Vision},
  volume={40},
  number={2},
  pages={99--121},
  year={2000},
  publisher={Springer}
}

@article{zhao2007near,
  title={Near-duplicate keyframe identification with interest point matching and pattern learning},
  author={Zhao, Wan-Lei and Ngo, Chong-Wah and Tan, Hung-Khoon and Wu, Xiao},
  journal={Multimedia, IEEE Transactions on},
  volume={9},
  number={5},
  pages={1037--1048},
  year={2007},
  publisher={IEEE}
}

@article{wang2012event,
  title={Event driven web video summarization by tag localization and key-shot identification},
  author={Wang, Meng and Hong, Richang and Li, Guangda and Zha, Zheng-Jun and Yan, Shuicheng and Chua, Tat-Seng},
  journal={Multimedia, IEEE Transactions on},
  volume={14},
  number={4},
  pages={975--985},
  year={2012},
  publisher={IEEE}
}

@inproceedings{xu2007visual,
  title={Visual event recognition in news video using kernel methods with multi-level temporal alignment},
  author={Xu, Dong and Chang, Shih-Fu},
  booktitle={Computer Vision and Pattern Recognition, 2007. CVPR'07. IEEE Conference on},
  pages={1--8},
  year={2007},
  organization={IEEE}
}

@article{duan2012visual,
  title={Visual event recognition in videos by learning from web data},
  author={Duan, Lixin and Xu, Dong and Tsang, Ivor Wai-Hung and Luo, Jiebo},
  journal={Pattern Analysis and Machine Intelligence, IEEE Transactions on},
  volume={34},
  number={9},
  pages={1667--1680},
  year={2012},
  publisher={IEEE}
}

@inproceedings{MDAHS-CVPR2013,
    author = {Lin Chen and Lixin Duan and Dong Xu},
    title = {Event Recognition in Videos by Learning from Heterogeneous Web Sources},
    booktitle = {IEEE International Conference on Computer Vision and Pattern Recognition (CVPR)}
    year = {2013},
  pages = {2666--2673}
}

@article{manjunath1996texture,
  title={Texture features for browsing and retrieval of image data},
  author={Manjunath, Bangalore S and Ma, Wei-Ying},
  journal={Pattern Analysis and Machine Intelligence, IEEE Transactions on},
  volume={18},
  number={8},
  pages={837--842},
  year={1996},
  publisher={IEEE}
}

@inproceedings{zhou2008sift,
  title={Sift-bag kernel for video event analysis},
  author={Zhou, Xi and Zhuang, Xiaodan and Yan, Shuicheng and Chang, Shih-Fu and Hasegawa-Johnson, Mark and Huang, Thomas S},
  booktitle={Proceedings of the 16th ACM international conference on Multimedia},
  pages={229--238},
  year={2008},
  organization={ACM}
}

@article{lindeberg1998feature,
  title={Feature detection with automatic scale selection},
  author={Lindeberg, Tony},
  journal={International journal of computer vision},
  volume={30},
  number={2},
  pages={79--116},
  year={1998},
  publisher={Springer}
}

@article{mikolajczyk2004scale,
  title={Scale \& affine invariant interest point detectors},
  author={Mikolajczyk, Krystian and Schmid, Cordelia},
  journal={International journal of computer vision},
  volume={60},
  number={1},
  pages={63--86},
  year={2004},
  publisher={Springer}
}

@article{lowe2004distinctive,
  title={Distinctive image features from scale-invariant keypoints},
  author={Lowe, David G},
  journal={International journal of computer vision},
  volume={60},
  number={2},
  pages={91--110},
  year={2004},
  publisher={Springer}
}

@book{solem2012programming,
  title={Programming Computer Vision with Python: Tools and algorithms for analyzing images},
  author={Solem, Jan Erik},
  year={2012},
  publisher={O'Reilly}
}

@article{lloyd1982least,
  title={Least squares quantization in PCM},
  author={Lloyd, Stuart},
  journal={Information Theory, IEEE Transactions on},
  volume={28},
  number={2},
  pages={129--137},
  year={1982},
  publisher={IEEE}
}

@inproceedings{dalal2005histograms,
  title={Histograms of oriented gradients for human detection},
  author={Dalal, Navneet and Triggs, Bill},
  booktitle={Computer Vision and Pattern Recognition, 2005. CVPR 2005. IEEE Computer Society Conference on},
  volume={1},
  pages={886--893},
  year={2005},
  organization={IEEE}
}

@article{ojala2002multiresolution,
  title={Multiresolution gray-scale and rotation invariant texture classification with local binary patterns},
  author={Ojala, Timo and Pietikainen, Matti and Maenpaa, Topi},
  journal={Pattern Analysis and Machine Intelligence, IEEE Transactions on},
  volume={24},
  number={7},
  pages={971--987},
  year={2002},
  publisher={IEEE}
}

@inproceedings{boser1992training,
  title={A training algorithm for optimal margin classifiers},
  author={Boser, Bernhard E and Guyon, Isabelle M and Vapnik, Vladimir N},
  booktitle={Proceedings of the fifth annual workshop on Computational learning theory},
  pages={144--152},
  year={1992},
  organization={ACM}
}

@article{jiang2012high,
  title={High-level event recognition in unconstrained videos},
  author={Jiang, Yu-Gang and Bhattacharya, Subhabrata and Chang, Shih-Fu and Shah, Mubarak},
  journal={International Journal of Multimedia Information Retrieval},
  pages={1--29},
  year={2012},
  publisher={Springer}
}

@article{burges1998tutorial,
  title={A tutorial on support vector machines for pattern recognition},
  author={Burges, Christopher JC},
  journal={Data mining and knowledge discovery},
  volume={2},
  number={2},
  pages={121--167},
  year={1998},
  publisher={Springer}
}

@inproceedings{barla2003histogram,
  title={Histogram intersection kernel for image classification},
  author={Barla, Annalisa and Odone, Francesca and Verri, Alessandro},
  booktitle={Image Processing, 2003. ICIP 2003. Proceedings. 2003 International Conference on},
  volume={3},
  pages={III--513},
  year={2003},
  organization={IEEE}
}

@inproceedings{laptev2008learning,
  title={Learning realistic human actions from movies},
  author={Laptev, Ivan and Marszalek, Marcin and Schmid, Cordelia and Rozenfeld, Benjamin},
  booktitle={Computer Vision and Pattern Recognition, 2008. CVPR 2008. IEEE Conference on},
  pages={1--8},
  year={2008},
  organization={IEEE}
}

@inproceedings{jiang2007towards,
  title={Towards optimal bag-of-features for object categorization and semantic video retrieval},
  author={Jiang, Yu-Gang and Ngo, Chong-Wah and Yang, Jun},
  booktitle={Proceedings of the 6th ACM international conference on Image and video retrieval},
  pages={494--501},
  year={2007},
  organization={ACM}
}

@incollection{agarwal2006hyperfeatures,
  title={Hyperfeatures--multilevel local coding for visual recognition},
  author={Agarwal, Ankur and Triggs, Bill},
  booktitle={Computer Vision--ECCV 2006},
  pages={30--43},
  year={2006},
  publisher={Springer}
}

@article{salton1988term,
  title={Term-weighting approaches in automatic text retrieval},
  author={Salton, Gerard and Buckley, Christopher},
  journal={Information processing \& management},
  volume={24},
  number={5},
  pages={513--523},
  year={1988},
  publisher={Elsevier}
}

@inproceedings{yang2007evaluating,
  title={Evaluating bag-of-visual-words representations in scene classification},
  author={Yang, Jun and Jiang, Yu-Gang and Hauptmann, Alexander G and Ngo, Chong-Wah},
  booktitle={Proceedings of the international workshop on Workshop on multimedia information retrieval},
  pages={197--206},
  year={2007},
  organization={ACM}
}

@inproceedings{zhou2008sift,
  title={Sift-bag kernel for video event analysis},
  author={Zhou, Xi and Zhuang, Xiaodan and Yan, Shuicheng and Chang, Shih-Fu and Hasegawa-Johnson, Mark and Huang, Thomas S},
  booktitle={Proceedings of the 16th ACM international conference on Multimedia},
  pages={229--238},
  year={2008},
  organization={ACM}
}

@article{reynolds2000speaker,
  title={Speaker verification using adapted Gaussian mixture models},
  author={Reynolds, Douglas A and Quatieri, Thomas F and Dunn, Robert B},
  journal={Digital signal processing},
  volume={10},
  number={1},
  pages={19--41},
  year={2000},
  publisher={Elsevier}
}

@inproceedings{liu2013video,
  title={Video event recognition using concept attributes.},
  author={Liu, Jingen and Yu, Qian and Javed, Omar and Ali, Saad and Tamrakar, Amir and Divakaran, Ajay and Cheng, Hui and Sawhney, Harpreet S},
  booktitle={WACV},
  pages={339--346},
  year={2013}
}

@inproceedings{natarajan2011bbn,
  title={Bbn viser trecvid 2011 multimedia event detection system},
  author={Natarajan, Pradeep and Natarajan, Prem and Manohar, Vasant and Wu, Shuang and Tsakalidis, Stavros and Vitaladevuni, Shiv N and Zhuang, Xiaodan and Prasad, Rohit and Ye, Guangnan and Liu, Dong and others},
  booktitle={NIST TRECVID Workshop},
  year={2011}
}

@inproceedings{natsev2010ibm,
  title={IBM research TRECVID-2010 video copy detection and multimedia event detection system},
  author={Natsev, Apostol and Smith, John R and Hill, Matthew and Hua, Gang and Huang, Bert and Merler, Michele and Xie, Lexing and Ouyang, Hua and Zhou, Mingyuan},
  booktitle={Proceedings of NIST TRECVID, Workshop},
  year={2010}
}